@article{ambrosetti1973dual,
  title={Dual variational methods in critical point theory and applications},
  author={Ambrosetti, Antonio and Rabinowitz, Paul H},
  journal={Journal of functional Analysis},
  volume={14},
  number={4},
  pages={349--381},
  year={1973},
  publisher={Elsevier}
}

@article{aubin1982monge,
  title={Monge-Amp{\`e}re Equations},
  author={Aubin, Thierry and Aubin, Thierry},
  journal={Nonlinear Analysis on Manifolds. Monge-Amp{\`e}re Equations},
  pages={157--188},
  year={1982},
  publisher={Springer}
}

@article{wei1985elliptic,
  title={On the elliptic equation $\Delta$u+ Ku (n+ 2)/(n- 2)= 0 and related topics},
  author={Wei-Yue, Ding and Wei-Ming, Ni},
  journal={Duke Mathematical Journal},
  volume={52},
  number={2},
  pages={485},
  year={1985},
  publisher={Duke University Press}
}

@article{gidas1979symmetry,
  title={Symmetry and related properties via the maximum principle},
  author={Gidas, Basilis and Ni, Wei-Ming and Nirenberg, Louis},
  journal={Communications in mathematical physics},
  volume={68},
  number={3},
  pages={209--243},
  year={1979},
  publisher={Springer}
}

@article{palais1979principle,
  title={The principle of symmetric criticality},
  author={Palais, Richard S},
  journal={Communications in Mathematical Physics},
  volume={69},
  number={1},
  pages={19--30},
  year={1979},
  publisher={Springer}
}